% This file was created with JabRef 2.3.1.
% Encoding: Cp1252


@techreport{taheritanjani2016comparison,
	title={A Comparison between Commercial and Open Source Reference Implementations for the Rugby Process Model},
	author={Taheritanjani, Sajjad and Krusche, Stephan and Br{\"u}gge, Bernd},
	year={2016},
	institution={A University Research Report}
}

@inproceedings{shahin2017beyond,
	title={Beyond Continuous Delivery: An Empirical Investigation of Continuous Deployment Challenges},
	author={Shahin, Mojtaba and Babar, Muhammad Ali and Zahedi, Mansooreh and Zhu, Liming},
	booktitle={Proc. 11th International Symposium on Empirical Software Engineering and Measurement. New York: ACM Press.[To appear]},
	year={2017}
}

@inproceedings{laukkanen2016bottom,
	title={Bottom-up adoption of continuous delivery in a stage-gate managed software organization},
	author={Laukkanen, Eero and Lehtinen, Timo OA and Itkonen, Juha and Paasivaara, Maria and Lassenius, Casper},
	booktitle={Proceedings of the 10th ACM/IEEE International Symposium on Empirical Software Engineering and Measurement},
	pages={45},
	year={2016},
	organization={ACM}
}

@techreport{schermann2016empirical,
	title={An empirical study on principles and practices of continuous delivery and deployment},
	author={Schermann, Gerald and Cito, J{\"u}rgen and Leitner, Philipp and Zdun, Uwe and Gall, Harald},
	year={2016},
	institution={PeerJ Preprints}
}

@inproceedings{shahin2016intersection,
	title={The Intersection of Continuous Deployment and Architecting Process: Practitioners' Perspectives},
	author={Shahin, Mojtaba and Babar, Muhammad Ali and Zhu, Liming},
	booktitle={Proceedings of the 10th ACM/IEEE International Symposium on Empirical Software Engineering and Measurement},
	pages={44},
	year={2016},
	organization={ACM}
}

@inproceedings{chen2015towards,
	title={Towards architecting for continuous delivery},
	author={Chen, Lianping},
	booktitle={Software Architecture (WICSA), 2015 12th Working IEEE/IFIP Conference on},
	pages={131--134},
	year={2015},
	organization={IEEE}
}

@article{claps2015journey,
	title={On the journey to continuous deployment: Technical and social challenges along the way},
	author={Claps, Gerry Gerard and Svensson, Richard Berntsson and Aurum, Ayb{\"u}ke},
	journal={Information and Software technology},
	volume={57},
	pages={21--31},
	year={2015},
	publisher={Elsevier}
}

@inproceedings{olsson2012climbing,
	title={Climbing the" Stairway to Heaven"--A Mulitiple-Case Study Exploring Barriers in the Transition from Agile Development towards Continuous Deployment of Software},
	author={Olsson, Helena Holmstr{\"o}m and Alahyari, Hiva and Bosch, Jan},
	booktitle={Software Engineering and Advanced Applications (SEAA), 2012 38th EUROMICRO Conference on},
	pages={392--399},
	year={2012},
	organization={IEEE}
}

@article{chen2015continuous,
	title={Continuous delivery: Huge benefits, but challenges too},
	author={Chen, Lianping},
	journal={IEEE Software},
	volume={32},
	number={2},
	pages={50--54},
	year={2015},
	publisher={IEEE}
}

@article{shahin2017continuous,
	title={Continuous Integration, Delivery and Deployment: A Systematic Review on Approaches, Tools, Challenges and Practices},
	author={Shahin, Mojtaba and Babar, Muhammad Ali and Zhu, Liming},
	journal={IEEE Access},
	volume={5},
	pages={3909--3943},
	year={2017},
	publisher={IEEE}
}

@book{bass2015devops,
	title={DevOps: A Software Architect's Perspective},
	author={Bass, Len and Weber, Ingo and Zhu, Liming},
	year={2015},
	publisher={Addison-Wesley Professional}
}
